<record><leader>00000cas a2200000 a 4500</leader><controlfield tag="001">12854419</controlfield><controlfield tag="007">hd afb---bucu</controlfield><controlfield tag="008">851127u1970uuuutxumr nea     0    0eng c</controlfield><datafield ind1=" " ind2=" " tag="010"><subfield code="a">sn 85022595 </subfield></datafield><datafield ind1=" " ind2=" " tag="040"><subfield code="a">IUL</subfield><subfield code="b">eng</subfield><subfield code="c">IUL</subfield><subfield code="d">EYM</subfield><subfield code="d">TXA</subfield><subfield code="d">OCLCQ</subfield><subfield code="d">OCLCO</subfield></datafield><datafield ind1=" " ind2=" " tag="012"><subfield code="i">8511</subfield></datafield><datafield ind1="1" ind2=" " tag="029"><subfield code="a">AU@</subfield><subfield code="b">000024919097</subfield></datafield><datafield ind1=" " ind2=" " tag="037"><subfield code="b">Bay Microfilms, Inc., 1115 E. Arques Ave., Sunnyvale, CA 94086</subfield></datafield><datafield ind1="1" ind2=" " tag="041"><subfield code="a">eng</subfield><subfield code="h">spa</subfield></datafield><datafield ind1=" " ind2=" " tag="042"><subfield code="a">pcc</subfield></datafield><datafield ind1=" " ind2=" " tag="043"><subfield code="a">n-us-tx</subfield></datafield><datafield ind1="1" ind2="4" tag="050"><subfield code="a">E184.M5</subfield><subfield code="b">C4535 Sec. 3, roll 1</subfield></datafield><datafield ind1="0" ind2=" " tag="130"><subfield code="a">Echo (Austin, Tex.)</subfield></datafield><datafield ind1="1" ind2="4" tag="245"><subfield code="a">The echo</subfield><subfield code="h">[microform].</subfield></datafield><datafield ind1=" " ind2=" " tag="260"><subfield code="a">Austin, Tex. :</subfield><subfield code="b">Robert Mackenzie,</subfield><subfield code="c">[1970]-</subfield></datafield><datafield ind1=" " ind2=" " tag="300"><subfield code="a">v. :</subfield><subfield code="b">ill. ;</subfield><subfield code="c">42 cm.</subfield></datafield><datafield ind1=" " ind2=" " tag="310"><subfield code="a">Monthly,</subfield><subfield code="b">Mar. 30, 1971-</subfield></datafield><datafield ind1=" " ind2=" " tag="321"><subfield code="a">Semimonthly,</subfield><subfield code="b">1970-Jan. 1971</subfield></datafield><datafield ind1="0" ind2=" " tag="362"><subfield code="a">Vol. 1, no. 1 (Mar. 3, 1970)-</subfield></datafield><datafield ind1=" " ind2=" " tag="546"><subfield code="a">In English and Spanish.</subfield></datafield><datafield ind1=" " ind2=" " tag="588"><subfield code="a">Latest issue consulted: Vol. 4 [i.e. 5], no. 6 (July 12 1974).</subfield></datafield><datafield ind1=" " ind2=" " tag="533"><subfield code="a">Microfilm.</subfield><subfield code="m">v.1:no. 1-v.5:no. 6 (Mar. 3,</subfield><subfield code="d">1970-July 12 1974) : [Lacks v.2:no. 19]</subfield><subfield code="b">Palo Alto, Calif. :</subfield><subfield code="c">[Filmed by Bay Microfilm, Inc., Library Microfilms Division, in conjunction with the Chicano Studies Collections, University of California, Berkeley].</subfield><subfield code="e">1 microfilm reel ; 35 mm.</subfield><subfield code="f">([Chicano serials collection] ; Sec. 3, roll 1)</subfield><subfield code="n">Filmed with other titles.</subfield></datafield><datafield ind1=" " ind2="0" tag="650"><subfield code="a">Mexican Americans</subfield><subfield code="z">Texas</subfield><subfield code="v">Newspapers.</subfield></datafield><datafield ind1=" " ind2="0" tag="651"><subfield code="a">Austin (Tex.)</subfield><subfield code="v">Newspapers.</subfield></datafield><datafield ind1=" " ind2="0" tag="655"><subfield code="a">Mexican American newspapers</subfield><subfield code="z">Texas.</subfield></datafield><datafield ind1=" " ind2=" " tag="752"><subfield code="a">United States</subfield><subfield code="b">Texas</subfield><subfield code="c">Travis</subfield><subfield code="d">Austin.</subfield></datafield><datafield ind1="1" ind2=" " tag="776"><subfield code="c">Original</subfield><subfield code="w">(DLC)sn 87090317</subfield><subfield code="w">(OCoLC)5202013</subfield></datafield><datafield ind1=" " ind2="0" tag="830"><subfield code="a">Chicano serials collection ;</subfield><subfield code="v">Sec. 3, roll 1.</subfield></datafield><datafield ind1=" " ind2=" " tag="850"><subfield code="a">InU</subfield><subfield code="a">MiU</subfield></datafield></record>